<record><leader>00000cas a22000007a 4500</leader><controlfield tag="001">35147026</controlfield><controlfield tag="008">960726d196u1991okuwr n       0    0eng d</controlfield><datafield ind1=" " ind2=" " tag="010"><subfield code="a">sn 96087967 </subfield></datafield><datafield ind1=" " ind2=" " tag="040"><subfield code="a">OBN</subfield><subfield code="b">eng</subfield><subfield code="c">OBN</subfield><subfield code="d">OCLCQ</subfield><subfield code="d">OCLCO</subfield></datafield><datafield ind1="1" ind2=" " tag="029"><subfield code="a">AU@</subfield><subfield code="b">000012746093</subfield></datafield><datafield ind1=" " ind2=" " tag="042"><subfield code="a">msc</subfield></datafield><datafield ind1=" " ind2=" " tag="043"><subfield code="a">n-us-ok</subfield></datafield><datafield ind1="0" ind2=" " tag="130"><subfield code="a">Boswell times (Boswell, Okla.)</subfield></datafield><datafield ind1="1" ind2="4" tag="245"><subfield code="a">The Boswell times.</subfield></datafield><datafield ind1=" " ind2=" " tag="260"><subfield code="a">Boswell, (Choctaw County), Okla. :</subfield><subfield code="b">Webster Clay</subfield></datafield><datafield ind1=" " ind2=" " tag="300"><subfield code="a">v.</subfield></datafield><datafield ind1=" " ind2=" " tag="310"><subfield code="a">Weekly</subfield></datafield><datafield ind1="0" ind2=" " tag="362"><subfield code="a">-v. 31, no. 38 (Sep. 28, 1991).</subfield></datafield><datafield ind1=" " ind2=" " tag="500"><subfield code="a">"Published ... each week except the last two (2) [weeks] in December ..."</subfield></datafield><datafield ind1=" " ind2=" " tag="588"><subfield code="a">Description based on: Vol. 5, no. 16 (Apr. 18, 1968).</subfield></datafield><datafield ind1=" " ind2="0" tag="651"><subfield code="a">Boswell (Okla.)</subfield><subfield code="v">Newspapers.</subfield></datafield><datafield ind1=" " ind2="0" tag="651"><subfield code="a">Choctaw County (Okla.)</subfield><subfield code="v">Newspapers.</subfield></datafield><datafield ind1=" " ind2=" " tag="752"><subfield code="a">United States</subfield><subfield code="b">Oklahoma</subfield><subfield code="c">Choctaw</subfield><subfield code="d">Boswell.</subfield></datafield><datafield ind1="0" ind2="0" tag="785"><subfield code="t">Choctaw County times</subfield><subfield code="w">(DLC)sn 95076049</subfield><subfield code="w">(OCoLC)32153292</subfield></datafield></record>